% Abundant housing project

}

@article{allcott2011social,
  title={Social norms and energy conservation},
  author={Allcott, Hunt},
  journal={Journal of Public Economics},
  volume={95},
  number={9-10},
  pages={1082--1095},
  year={2011},
  publisher={Elsevier}
}

@article{shieh2010individual,
  title={Individual campaign contributions in a Downsian model: expressive and instrumental motives},
  author={Shieh, Shiou and Pan, Wan-Hsiang},
  journal={Public Choice},
  volume={145},
  pages={405--416},
  year={2010},
  publisher={Springer}
}

@article{huddy2015expressive,
  title={Expressive partisanship: Campaign involvement, political emotion, and partisan identity},
  author={Huddy, Leonie and Mason, Lilliana and Aar{\o}e, Lene},
  journal={American Political Science Review},
  volume={109},
  number={1},
  pages={1--17},
  year={2015},
  publisher={Cambridge University Press}
}

@article{ansolabehere2003there,
  title={Why is there so little money in US politics?},
  author={Ansolabehere, Stephen and De Figueiredo, John M and Snyder Jr, James M},
  journal={Journal of Economic perspectives},
  volume={17},
  number={1},
  pages={105--130},
  year={2003},
  publisher={American Economic Association}
}

@article{gaynor2021small,
  title={Small Donor Contributions in Response to Email Outreach by a Political Campaign},
  author={Gaynor, SoRelle Wyckoff and Gimpel, James G},
  journal={Journal of Political Marketing},
  pages={1--25},
  year={2021},
  publisher={Taylor \& Francis}
}

@article{incerti2020corruption,
  title={Corruption information and vote share: A meta-analysis and lessons for experimental design},
  author={Incerti, Trevor},
  journal={American Political Science Review},
  volume={114},
  number={3},
  pages={761--774},
  year={2020},
  publisher={Cambridge University Press}
}

@article{de2009field,
  title={Field experiments on political behavior and collective action},
  author={De Rooij, Eline A and Green, Donald P and Gerber, Alan S},
  journal={Annual Review of Political Science},
  volume={12},
  pages={389--395},
  year={2009},
  publisher={Annual Reviews}
}

@article{bond201261,
  title={A 61-million-person experiment in social influence and political mobilization},
  author={Bond, Robert M and Fariss, Christopher J and Jones, Jason J and Kramer, Adam DI and Marlow, Cameron and Settle, Jaime E and Fowler, James H},
  journal={Nature},
  volume={489},
  number={7415},
  pages={295--298},
  year={2012},
  publisher={Nature Publishing Group}
}

@article{coppock2016treatments,
  title={When treatments are tweets: A network mobilization experiment over Twitter},
  author={Coppock, Alexander and Guess, Andrew and Ternovski, John},
  journal={Political Behavior},
  volume={38},
  number={1},
  pages={105--128},
  year={2016},
  publisher={Springer}
}

@article{ansolabehere2012movers,
  title={Movers, stayers, and registration: Why age is correlated with registration in the US},
  author={Ansolabehere, Stephen Daniel},
  journal={Quarterly Journal of Political Science},
  year={2012},
  publisher={now publishers}
}

@book{aytacc2019bother,
  title={Why Bother?: Rethinking Participation in Elections and Protests},
  author={Ayta{\c{c}}, S Erdem and Stokes, Susan C},
  year={2019},
  publisher={Cambridge University Press}
}

@article{broockman2017design,
  title={The design of field experiments with survey outcomes: A framework for selecting more efficient, robust, and ethical designs},
  author={Broockman, David E and Kalla, Joshua L and Sekhon, Jasjeet S},
  journal={Political Analysis},
  volume={25},
  number={4},
  pages={435--464},
  year={2017},
  publisher={Cambridge University Press}
}

 @misc{editorialboard_2021, 
title={The pandemic taught us a better way to do public business}, 
url={https://www.bostonglobe.com/2021/05/27/opinion/pandemic-taught-us-better-way-do-public-business/}, 
journal={BostonGlobe.com}, 
author={{The Boston Globe}}, 
year={2021}, 
month={May}
} 

 @misc{easyreader_2021, 
title={BLACK LIVES MATTER: City Council spars over Bruce’s Beach plaque}, 
url={https://easyreadernews.com/black-lives-matter-city-council-spars-over-bruces-beach-plaque/}, 
journal={Easy Reader and Peninsula Magazine}, 
author={McDermott, Mark}, 
year={2021}, 
month={November}
} 

 @misc{timeseditorialboard_2021, 
  title={Editorial: Some good from the pandemic era: Online access to government meetings}, 
  url={https://www.latimes.com/opinion/story/2021-04-28/require-livestreamed-public meetings}, 
  author={{Los Angeles Times}}, 
  year={2021}, 
  month={Apr}
} 

 @misc{census2020, 
  title={New Privately-Owned Housing Units Authorized by Building Permits in Permit-Issuing Places}, 
  url={https://www.census.gov/construction/bps/pdf/annualhistorybystate.pdf}, 
  author={{United States Census Bureau}}, 
  year={2020}
} 

@incollection{bovens2009ethics,
  title={The ethics of nudge},
  author={Bovens, Luc},
  booktitle={Preference change},
  pages={207--219},
  year={2009},
  publisher={Springer}
}

@incollection{brueckner2009government,
  title={Government land use interventions: An economic analysis},
  author={Brueckner, Jan K},
  booktitle={Urban land markets},
  pages={3--23},
  year={2009},
  publisher={Springer}
}

@article{cervero2010effects,
  title={Effects of built environments on vehicle miles traveled: evidence from 370 US urbanized areas},
  author={Cervero, Robert and Murakami, Jin},
  journal={Environment and planning A},
  volume={42},
  number={2},
  pages={400--418},
  year={2010},
  publisher={SAGE Publications Sage UK: London, England}
}

@article{charette2015projecting,
  title={Projecting trends in severely cost-burdened renters: 2015--2025},
  author={Charette, Allison and Herbert, Chris and Jakabovics, Andrew and Marya, Ellen Tracy and McCue, Daniel T},
  journal={Harvard University’s Joint Center for Housing Studies and Enterprise Community Partners Inc},
  year={2015}
}

@article{chester2015parking,
  title={Parking infrastructure: A constraint on or opportunity for urban redevelopment? A study of Los Angeles County parking supply and growth},
  author={Chester, Mikhail and Fraser, Andrew and Matute, Juan and Flower, Carolyn and Pendyala, Ram},
  journal={Journal of the American Planning Association},
  volume={81},
  number={4},
  pages={268--286},
  year={2015},
  publisher={Taylor \& Francis}
}

@article{cook2020fixed,
  title={Fixed effects in rare events data: a penalized maximum likelihood solution},
  author={Cook, Scott J and Hays, Jude C and Franzese, Robert J},
  journal={Political Science Research and Methods},
  volume={8},
  number={1},
  pages={92--105},
  year={2020},
  publisher={Cambridge University Press}
}

@article{citrin1997public,
  title={Public opinion toward immigration reform: The role of economic motivations},
  author={Citrin, Jack and Green, Donald P and Muste, Christopher and Wong, Cara},
  journal={The Journal of Politics},
  volume={59},
  number={3},
  pages={858--881},
  year={1997},
  publisher={University of Texas Press}
}

@article{citrin1990american,
  title={American identity and the politics of ethnic change},
  author={Citrin, Jack and Reingold, Beth and Green, Donald P},
  journal={The Journal of Politics},
  volume={52},
  number={4},
  pages={1124--1154},
  year={1990},
  publisher={University of Texas Press}
}

@article{dal2006regulatory,
Author = {Dal B{\'o}, Ernesto},
Journal = {Oxford Review of Economic Policy},
Number = {2},
Pages = {203--225},
Publisher = {Oxford University Press},
Title = {Regulatory capture: A review},
Volume = {22},
Year = {2006}}

@article{dale2009don,
  title={Don't forget to vote: Text message reminders as a mobilization tool},
  author={Dale, Allison and Strauss, Aaron},
  journal={American Journal of Political Science},
  volume={53},
  number={4},
  pages={787--804},
  year={2009},
  publisher={Wiley Online Library}
}

@article{doberstein2016nudging,
  title={Nudging NIMBY: Do positive messages regarding the benefits of increased housing density influence resident stated housing development preferences?},
  author={Doberstein, Carey and Hickey, Ross and Li, Eric},
  journal={Land Use Policy},
  volume={54},
  pages={276--289},
  year={2016},
  publisher={Elsevier}
}

@book{einstein2019neighborhood,
  title={Neighborhood defenders: Participatory politics and America's housing crisis},
  author={Einstein, Katherine Levine and Glick, David M and Palmer, Maxwell},
  year={2019},
  publisher={Cambridge University Press}
}

@article{einstein2019participates,
  title={Who participates in local government? Evidence from meeting minutes},
  author={Einstein, Katherine Levine and Palmer, Maxwell and Glick, David M},
  journal={Perspectives on Politics},
  volume={17},
  number={1},
  pages={28--46},
  year={2019},
  publisher={Cambridge University Press}
}

@article{einstein2019represents,
  title={Who Represents the Renters?},
  author={Einstein, Katherine Levine and Ornstein, Joseph T and Palmer, Maxwell},
  year={2019},
  journal={Working Paper}
}

@article{einstein2021zoom,
  title={Zoom Does Not Reduce Unequal Participation: Evidence from Public Meeting Minutes},
  author={Einstein, Katherine Levine and Glick, David and Puig, Luisa Godinez and Palmer, Maxwell},
  journal={Working Paper},
  year={2021}
}

@article{enamorado2019using,
  title={Using a probabilistic model to assist merging of large-scale administrative records},
  author={Enamorado, Ted and Fifield, Benjamin and Imai, Kosuke},
  journal={American Political Science Review},
  volume={113},
  number={2},
  pages={353--371},
  year={2019},
  publisher={Cambridge University Press}
}

@book{fischel2005homevoter,
  title={The homevoter hypothesis: How home values influence local government taxation, school finance, and land-use policies},
  author={Fischel, William A},
  year={2005},
  publisher={Harvard University Press}
}

@article{ganong2017has,
  title={Why has regional income convergence in the US declined?},
  author={Ganong, Peter and Shoag, Daniel},
  journal={Journal of Urban Economics},
  volume={102},
  pages={76--90},
  year={2017},
  publisher={Elsevier}
}

@book{gelman2006data,
  title={Data analysis using regression and multilevel/hierarchical models},
  author={Gelman, Andrew and Hill, Jennifer},
  year={2006},
  publisher={Cambridge university press}
}

@article{gerber2008social,
  title={Social pressure and voter turnout: Evidence from a large-scale field experiment},
  author={Gerber, Alan S and Green, Donald P and Larimer, Christopher W},
  journal={American political Science review},
  pages={33--48},
  year={2008},
  publisher={JSTOR}
}

@article{glaeser2002impact,
  title={The impact of zoning on housing affordability},
  author={Glaeser, Edward L and Gyourko, Joseph},
  year={2002},
  journal={NBER Working Paper 8835}
}

@article{glaeser2018economic,
  title={The economic implications of housing supply},
  author={Glaeser, Edward and Gyourko, Joseph},
  journal={Journal of Economic Perspectives},
  volume={32},
  number={1},
  pages={3--30},
  year={2018}
}

@article{glaeser2005have,
  title={Why have housing prices gone up?},
  author={Glaeser, Edward L and Gyourko, Joseph and Saks, Raven E},
  journal={American Economic Review},
  volume={95},
  number={2},
  pages={329--333},
  year={2005}
}

@article{glaeser2005manhattan,
  title={Why is Manhattan so expensive? Regulation and the rise in housing prices},
  author={Glaeser, Edward L and Gyourko, Joseph and Saks, Raven},
  journal={The Journal of Law and Economics},
  volume={48},
  number={2},
  pages={331--369},
  year={2005},
  publisher={The University of Chicago Press}
}

@book{green2019get,
  title={Get out the vote: How to increase voter turnout},
  author={Green, Donald P and Gerber, Alan S},
  year={2019},
  publisher={Brookings Institution Press}
}

@article{green2013field,
  title={Field experiments and the study of voter turnout},
  author={Green, Donald P and McGrath, Mary C and Aronow, Peter M},
  journal={Journal of Elections, Public Opinion and Parties},
  volume={23},
  number={1},
  pages={27--48},
  year={2013},
  publisher={Taylor \& Francis}
}

@incollection{gyourko2015regulation,
  title={Regulation and housing supply},
  author={Gyourko, Joseph and Molloy, Raven},
  booktitle={Handbook of regional and urban economics},
  volume={5},
  pages={1289--1337},
  year={2015},
  publisher={Elsevier}
}

@article{hall2018does,
  title={Does homeownership influence political behavior? Evidence from administrative data},
  author={Hall, Andrew B and Yoder, Jesse},
  journal={The Journal of Politics},
  year={Forthcoming}
}

@article{hankinson2018renters,
  title={When do renters behave like homeowners? High rent, price anxiety, and NIMBYism},
  author={Hankinson, Michael},
  journal={American Political Science Review},
  volume={112},
  number={3},
  pages={473--493},
  year={2018},
  publisher={Cambridge University Press}
}

@article{hernandez2021our,
  title={Our Common Purpose: Reinventing American Democracy for the 21st Century},
  author={Hern{\'a}ndez, Antonia},
  journal={National Civic Review},
  volume={110},
  number={1},
  pages={29--37},
  year={2021},
  publisher={JSTOR}
}

@article{hsieh2019housing,
  title={Housing constraints and spatial misallocation},
  author={Hsieh, Chang-Tai and Moretti, Enrico},
  journal={American Economic Journal: Macroeconomics},
  volume={11},
  number={2},
  pages={1--39},
  year={2019}
}

@article{judge2022environmental,
  title={The Environmental Justice Movement’s Impact on Technocratic Policymaking},
  author={Judge-Lord, Devin},
  journal={Working paper},
  year={2022}
}

@article{king2001logistic,
  title={Logistic regression in rare events data},
  author={King, Gary and Zeng, Langche},
  journal={Political analysis},
  volume={9},
  number={2},
  pages={137--163},
  year={2001},
  publisher={Cambridge University Press}
}

@article{lens2016strict,
  title={Do strict land use regulations make metropolitan areas more segregated by income?},
  author={Lens, Michael C and Monkkonen, Paavo},
  journal={Journal of the American Planning Association},
  volume={82},
  number={1},
  pages={6--21},
  year={2016},
  publisher={Taylor \& Francis}
}

@article{lin2013agnostic,
  title={Agnostic notes on regression adjustments to experimental data: Reexamining Freedman’s critique},
  author={Lin, Winston},
  journal={Annals of Applied Statistics},
  volume={7},
  number={1},
  pages={295--318},
  year={2013},
  publisher={Institute of Mathematical Statistics}
}

@article{marble2021self,
  title={Where self-interest trumps ideology: liberal homeowners and local opposition to housing development},
  author={Marble, William and Nall, Clayton},
  journal={The Journal of Politics},
  volume={83},
  number={4},
  pages={1747--1763},
  year={2021},
  publisher={The University of Chicago Press Chicago, IL}
}

@article{malhotra2012emails,
  title={Emails from official sources can increase turnout},
  author={Malhotra, Neil and Michelson, Melissa R and Valenzuela, Ali Adam and others},
  journal={Quarterly Journal of Political Science},
  volume={7},
  number={3},
  pages={321--332},
  year={2012},
  publisher={Now Publishers, Inc.}
}

@book{mccabe2016no,
  title={No place like home: Wealth, community, and the politics of homeownership},
  author={McCabe, Brian J},
  year={2016},
  publisher={Oxford University Press}
}

@article{mcdermott2020ethics,
  title={Ethics in field experimentation: A call to establish new standards to protect the public from unwanted manipulation and real harms},
  author={McDermott, Rose and Hatemi, Peter K},
  journal={Proceedings of the National Academy of Sciences},
  volume={117},
  number={48},
  pages={30014--30021},
  year={2020},
  publisher={National Acad Sciences}
}

@article{molloy2020effect,
  title={The effect of housing supply regulation on housing affordability: A review},
  author={Molloy, Raven and others},
  journal={Regional Science and Urban Economics},
  volume={80},
  number={C},
  year={2020},
  publisher={Elsevier}
}

@article{milkman2011using,
  title={Using implementation intentions prompts to enhance influenza vaccination rates},
  author={Milkman, Katherine L and Beshears, John and Choi, James J and Laibson, David and Madrian, Brigitte C},
  journal={Proceedings of the National Academy of Sciences},
  volume={108},
  number={26},
  pages={10415--10420},
  year={2011},
  publisher={National Acad Sciences}
}

@article{monkkonen2019opposition,
  title={Opposition to development or opposition to developers? Experimental evidence on attitudes toward new housing},
  author={Monkkonen, Paavo and Manville, Michael},
  journal={Journal of Urban Affairs},
  volume={41},
  number={8},
  pages={1123--1141},
  year={2019},
  publisher={Taylor \& Francis}
}

@article{nickerson2007does,
  title={Does email boost turnout},
  author={Nickerson, David W and others},
  journal={Quarterly Journal of Political Science},
  volume={2},
  number={4},
  pages={369--379},
  year={2007}
}

@article{nickerson2010you,
  title={Do you have a voting plan? Implementation intentions, voter turnout, and organic plan making},
  author={Nickerson, David W and Rogers, Todd},
  journal={Psychological Science},
  volume={21},
  number={2},
  pages={194--199},
  year={2010},
  publisher={Sage Publications Sage CA: Los Angeles, CA}
}

@article{nickerson2008voting,
  title={Is voting contagious? Evidence from two field experiments},
  author={Nickerson, David W},
  journal={American political Science review},
  volume={102},
  number={1},
  pages={49--57},
  year={2008},
  publisher={Cambridge University Press}
}



@article{ortalo2014political,
  title={On the political economy of urban growth: Homeownership versus affordability},
  author={Ortalo-Magn{\'e}, Fran{\c{c}}ois and Prat, Andrea},
  journal={American Economic Journal: Microeconomics},
  volume={6},
  number={1},
  pages={154--81},
  year={2014}
}

@article{ostrom2000collective,
  title={Collective action and the evolution of social norms},
  author={Ostrom, Elinor},
  journal={Journal of Economic Perspectives},
  volume={14},
  number={3},
  pages={137--158},
  year={2000}
}

@incollection{olson1965collective,
  title={The Logic of Collective Action: Public Goods and the Theory of Groups},
  author={Olson, Mancur},
  year={1965},
  publisher={Harvard University Press}
}

@article{quigley2005effects,
  title={The effects of land use regulation on the price of housing: What do we know? What can we learn?},
  author={Quigley, John M and Rosenthal, Larry A},
  journal={Cityscape},
  pages={69--137},
  year={2005},
  publisher={JSTOR}
}

@book{reeves2018dream,
  title={Dream hoarders: How the American upper middle class is leaving everyone else in the dust, why that is a problem, and what to do about it},
  author={Reeves, Richard V},
  year={2018},
  publisher={Brookings Institution Press}
}

@book{riker1973introduction,
  title={An introduction to positive political theory},
  author={Riker, William H and Ordeshook, Peter C},
  volume={387},
  year={1973},
  publisher={Prentice-Hall Englewood Cliffs, NJ}
}

@article{rognlie2016deciphering,
  title={Deciphering the fall and rise in the net capital share: accumulation or scarcity?},
  author={Rognlie, Matthew},
  journal={Brookings Papers on Economic Activity},
  volume={2015},
  number={1},
  pages={1--69},
  year={2016},
  publisher={Brookings Institution Press}
}

@article{schubert2017green,
  title={Green nudges: Do they work? Are they ethical?},
  author={Schubert, Christian},
  journal={Ecological Economics},
  volume={132},
  pages={329--342},
  year={2017},
  publisher={Elsevier}
}

@article{sears1991role,
  title={The role of self-interest in social and political attitudes},
  author={Sears, David O and Funk, Carolyn L},
  journal={Advances in experimental social psychology},
  volume={24},
  pages={1--91},
  year={1991},
  publisher={Elsevier}
}

@book{sears1982tax,
  title={Tax revolt: Something for nothing in California},
  author={Sears, David O and Citrin, Jack},
  year={1982},
  publisher={Harvard University Press}
}

@article{slough2019ethics,
  title={The Ethics of Electoral Experimentation: Design-Based Recommendations},
  author={Slough, Tara},
  journal={Working Paper},
  year={2019},
  url={http://taraslough.com/assets/pdf/eee.pdf}
}

@article{slough2021external,
  title={External Validity and Meta-Analysis},
  author={Slough, Tara and Tyson, Scott A},
  journal={Working Paper},
  year={2021}
}

@book{trounstine2018segregation,
  title={Segregation by design: Local politics and inequality in American cities},
  author={Trounstine, Jessica},
  year={2018},
  publisher={Cambridge University Press}
}

@article{yoder2020does,
  title={Does Property Ownership Lead to Participation in Local Politics? Evidence from Property Records and Meeting Minutes},
  author={Yoder, Jesse},
  journal={American Political Science Review},
  volume={114},
  number={4},
  pages={1213--1229},
  year={2020},
  publisher={Cambridge University Press}
}

@article{wheeler2018carbon,
  title={Carbon footprint planning: quantifying local and state mitigation opportunities for 700 California cities},
  author={Wheeler, Stephen M and Jones, Christopher M and Kammen, Daniel M},
  journal={Urban Planning},
  volume={3},
  number={2},
  pages={35--51},
  year={2018},
  publisher={PRT}
}